@book{bpf,
  author = "Branko Ristic and Sanjeev Arulampalam and Neil Gordon",
  title = "Beyond the {K}alman {F}ilter:
           {P}article Filters for Tracking Applications",
  publisher = "Artech House",
  year = 2004,
  month = feb,
  isbn = "978-1580536318"
}

@article{ziggurat,
  author = "George Marsaglia and Wai Wan Tsang",
  title = "The Ziggurat Method for Generating Random Variables",
  journal = "J. Statistical Software",
  volume = 5,
  number = 8,
  month = oct,
  year = 2000
}

@article{recount,
  author = "E.R. Beadle and P.M. Djuric",
  title = "A Fast Weighted {B}ayesian Bootstrap Filter for
           Nonlinear Model State Estimation",
  journal = "IEEE Trans. Aerospace and Electronic Systems",
  volume = 33,
  number = 1,
  month = jan,
  year = 1997
}

@techreport{exp,
    author = "Nicol N. Schraudolph",
    title = "A Fast, Compact Approximation of the Exponential Function",
    number = "IDSIA-07-98",
    month = oct,
    year = "1998",
    institution = "Istituto Dalle Molle di Studi
                   sull'Intelligenza Artificiale",
    address = "Lugano, Switzerland"
}

% References to resampling algorithms
% http://citeseer.ist.psu.edu/article/arulampalam01tutorial.html
@article{arulampalam02tutorial,
  author = "S. Arulampalam and S. Maskell and N. Gordon and T. Clapp",
  title = "A Tutorial on Particle Filters for On-line
           Non-linear/Non-{G}aussian {B}ayesian Tracking",
  journal = "IEEE Transactions on Signal Processing",
  volume = 50,
  number = 2,
  month = feb,
  year = "2002"}

% The regular resampling algorithm
@article{kitagawa,
  author = "G. Kitagawa",
  title = "{M}onte {C}arlo filter and smoother for
           non-{G}aussian nonlinear state space models",
  journal = "Journal of Computational and Graphical Statistics",
  volume = 5,
  number = 1,
  year = 1996
}

% A good approximation (?) for optimal resampling
% http://citeseer.ist.psu.edu/carpenter04improved.html
@misc{ carpenter,
  author = "J. Carpenter and P. Clifford and P. Fernhead",
  title = "An improved particle filter for non-linear problems",
  text = "J. Carpenter, P. Clifford, and P. Fernhead, An improved particle filter
    for non-linear problems, tech. rep., Department of Statistics, University
    of Oxford, 1997.",
  year = "1997",
  url = "citeseer.ist.psu.edu/carpenter04improved.html" }

@article{ kld,
  author = "D. Fox",
  title = "KLD-sampling: Adaptive particle filters",
  journal = "Advances in Neural Information Processing Systems (NIPS)",
  volume = 16,
  year = "2001" }

@misc{ ziggurat-fixes,
  author = "Boaz Nadler",
  title = "Design flaws in the implementation of the {Z}iggurat
           and {M}onty {P}ython methods (and some remarks on {M}atlab randn)",
  note = "arXiv.org",
  year = 2006}

@inproceedings{ baker,
  author = "James E. Baker",
  title = "Reducing Bias and Inefficiency in the Selection Algorithm",
  booktitle = "Proceedings of the Second International Conference on Genetic Algorithms and their Application",
  address = "Hillsdale, New Jersey",
  publisher = "L. Erlbaum Associates",
  year = 1987,
  pages = "14--21"}
